<?xml version="1.0" encoding="UTF-8"?><collection><record><leader>06558ntm a2200565 a 4500</leader><controlfield tag="001">006822793</controlfield><controlfield tag="003">MiAaHDL</controlfield><controlfield tag="005">20190719000000.0</controlfield><controlfield tag="006">m        d        </controlfield><controlfield tag="007">cr bn ---auaua</controlfield><controlfield tag="008">090624q17701799xx            00| ||ota d</controlfield><datafield tag="035" ind1=" " ind2=" "><subfield code="a">(MiU)006822793</subfield></datafield><datafield tag="035" ind1=" " ind2=" "><subfield code="a">sdr-miu006822793</subfield></datafield><datafield tag="040" ind1=" " ind2=" "><subfield code="a">MiU</subfield><subfield code="c">MiU</subfield><subfield code="e">amremm</subfield></datafield><datafield tag="041" ind1="0" ind2=" "><subfield code="a">ota</subfield><subfield code="a">per</subfield></datafield><datafield tag="043" ind1=" " ind2=" "><subfield code="a">n-us-mi</subfield></datafield><datafield tag="245" ind1="0" ind2="0"><subfield code="6">880-03</subfield><subfield code="a">[Mecmua-yi eşar,</subfield><subfield code="f">late 18th century?].</subfield></datafield><datafield tag="246" ind1="3" ind2=" "><subfield code="a">Mecmūʻa-i Rāgıb</subfield></datafield><datafield tag="246" ind1="3" ind2=" "><subfield code="a">Mecmua-yi Ragıp</subfield></datafield><datafield tag="260" ind1=" " ind2=" "><subfield code="c">[1770-1799].</subfield></datafield><datafield tag="300" ind1=" " ind2=" "><subfield code="a">122 leaves :</subfield><subfield code="b">paper ;</subfield><subfield code="c">233 x 134 (162 x 70) mm.</subfield></datafield><datafield tag="500" ind1=" " ind2=" "><subfield code="a">Shelfmark: Ann Arbor, University of Michigan, Special Collections Library, Isl. Ms. 423</subfield></datafield><datafield tag="500" ind1=" " ind2=" "><subfield code="a">Origin: Lacks dated colophon but decoration, paper, etc. would suggest late 18th century.</subfield></datafield><datafield tag="500" ind1=" " ind2=" "><subfield code="a">Former shelfmark: "101 T. De M. [i.e. Tammaro De Marinis]" inscribed in pencil on verso of front flyleaf (p.2).</subfield></datafield><datafield tag="500" ind1=" " ind2=" "><subfield code="a">Binding: Boards faced in red cut velvet with dark red leather over spine, fore edge flap and edges / turn-ins (velvet faced, leather edged framed binding) ; Type II binding (with flap) ; board linings and flyleaves in a decorative paper, silver-flecked and painted with charming bird and floral motifs in gold with subtle pink and green accents ; leather framing upper and lower covers carries tooled borders (in a series of s-shaped stamps) flanking gold-painted vegetal accents and tooled rosettes ; design continues on flap ; edges of text block gold-painted with a chain design (series of s-shapes) ; sewn in dark pink thread, two stations ; worked chevron endbands in pink and yellow, good condition ; overall in fairly good condition with minor lifting of spine leather, abrasion and minor losses of leather from upper cover, etc.</subfield></datafield><datafield tag="500" ind1=" " ind2=" "><subfield code="a">Support: Mainly non-European (likely Persian) laid paper of at least three types ; opening type with roughly 10 laid lines per cm. (vertical, somewhat indistinct, curving) and grouped chain lines faintly visible (see p.22, etc.), cloudy formation, thin and crisp though sturdy, well-sized and burnished, brown in color ; another type with roughly 9 laid lines per cm. (quite curved, fairly indistinct) and chain lines rarely visible (see p.114, etc.), cloudy formation, sturdy, well-sized and burnished, dark cream in color ; final type with 8-9 laid lines per cm. and no chain lines visible, quite sturdy and well-burnished, some leaves tinted bright magenta ; occasional leaves (see p.206, etc.) and opening added leaves carrying table of contents on European laid paper with 10 laid line per cm. (vertical), chain lines spaced 25-28 mm. apart (horizontal) and a raisin watermark of grapes under fleur de lis (see p.10, 16, 18, 206, etc.) ; flyleaves in European laid paper with "GFA" under eagle watermark.</subfield></datafield><datafield tag="500" ind1=" " ind2=" "><subfield code="a">Decoration: Elegant illuminated headpiece (ʻunwān / sarlawḥ) at opening on p.22, consisting of rectangular piece with empty gold cartouche flanked by vegetal motifs, surmounted by w-shaped piece overlaid with similar floral vegetal motifs in mint green, light pink, light blue, orange-red, and white on a ground of gold and light blue, itself surmounted by vertical stalks (tīgh) in light blue and red, all set in a well of pink and gold bands ; written area (and occasionally divisions within, columns otherwise divided by red rules) surrounded by frame consisting of gold band defined by black fillets ; headings and keywords rubricated.</subfield></datafield><datafield tag="500" ind1=" " ind2=" "><subfield code="a">Script: Nastaʻlīq (talik) ; elegant Ottoman hand in a medium line ; serifless with slight effect of words descending to baseline, elongation and thickening of horizontal strokes, pointing mainly in strokes (rather than distinct dots) ; a few excerpts at opening and close in other hands, mainly naskh.</subfield></datafield><datafield tag="500" ind1=" " ind2=" "><subfield code="a">Layout: Written in roughly 17 lines per page, mainly divided to two columns with lines of each column on the diagonal ; frame-ruled.</subfield></datafield><datafield tag="500" ind1=" " ind2=" "><subfield code="a">Collation: ii, II+1 (5), I+1 (8), 7 V(78), IV (86), IV+1 (95), 2 VI(119), I+1 (122), ii ; chiefly quinions with a few quaternions and senions ; catchwords present ; leaves between sections and at close originally left blank (see pp.194-200 and p.213 to close) ; foliation in red ink, Hindu-Arabic numerals ; pagination in pencil, Western numerals, supplied during digitization (includes flyleaves).</subfield></datafield><datafield tag="500" ind1=" " ind2=" "><subfield code="a">Incipit: "بو مجموعۀ زيبا بر قطعۀ بهشت رعنا وبر روضۀ غناى معنا در كه ... منتخبات ازهار نامدار اثارى ايله مشكين بهار وجويبار اشعار سلامت شعارى نمونۀ جنات تجري من تحتها الانهار در حائز قصب السبق مضمار بلاغت شعر وانشا صدر اعظم واسبق مرحوم ومبرور راغب محمد باشانك دواوين عديدۀ شعراى روم بلاغت مرسوم ...</subfield></datafield><datafield tag="500" ind1=" " ind2=" "><subfield code="a">Title supplied by cataloguer.</subfield></datafield><datafield tag="500" ind1=" " ind2=" "><subfield code="a">Ms. codex.</subfield></datafield><datafield tag="510" ind1="4" ind2=" "><subfield code="a">Kaya, Nevzat. "Rāgıb Meḥmed Paşa and his library." In Theoretical approaches to the transmission and edition of Oriental manuscripts. Proceedings of a symposium held in Istanbul, March 28-30, 2001, Eds. Judith Pfeiffer and Manfred Kropp. (Beirut: Ergon verlag Würzburg in Kommission, 2007):</subfield><subfield code="c">185-193</subfield></datafield><datafield tag="510" ind1="4" ind2=" "><subfield code="a">Babinger, Fr. "Rāg̲h̲ib Pas̲h̲a, Ḵh̲od̲j̲a Meḥmed."</subfield><subfield code="c">vol.VIII, p.390, col.2</subfield></datafield><datafield tag="520" ind1="8" ind2=" "><subfield code="a">Elegant collection of poetic excerpts in Persian and Turkish organized according to arrangment in tables at opening (see pp.6-20), compiled by the Ottoman grand vizier and littérateur, Koca Mehmet Ragıp Paşa (d.1763).</subfield></datafield><datafield tag="538" ind1=" " ind2=" "><subfield code="a">Mode of access: Internet.</subfield></datafield><datafield tag="541" ind1=" " ind2=" "><subfield code="c">Purchase ;</subfield><subfield code="a">Acquired by purchase (funds donated by Horace Rackham).</subfield><subfield code="d">1924.</subfield></datafield><datafield tag="546" ind1=" " ind2=" "><subfield code="a">Ottoman Turkish and Persian.</subfield></datafield><datafield tag="561" ind1=" " ind2=" "><subfield code="a">Occasional glosses.</subfield></datafield><datafield tag="650" ind1=" " ind2="0"><subfield code="a">Manuscripts, Persian</subfield><subfield code="z">Michigan</subfield><subfield code="z">Ann Arbor.</subfield></datafield><datafield tag="650" ind1=" " ind2="0"><subfield code="a">Manuscripts, Turkish</subfield><subfield code="z">Michigan</subfield><subfield code="z">Ann Arbor.</subfield></datafield><datafield tag="650" ind1=" " ind2="0"><subfield code="a">Persian poetry</subfield><subfield code="v">Early works to 1800.</subfield></datafield><datafield tag="650" ind1=" " ind2="0"><subfield code="a">Turkish poetry</subfield><subfield code="v">Early works to 1800.</subfield></datafield><datafield tag="655" ind1=" " ind2="7"><subfield code="a">Headpieces (layout features)</subfield><subfield code="y">18th century.</subfield><subfield code="2">aat</subfield></datafield><datafield tag="700" ind1="0" ind2=" "><subfield code="a">Abdülhamid</subfield><subfield code="b">II,</subfield><subfield code="c">Sultan of the Turks,</subfield><subfield code="d">1842-1918,</subfield><subfield code="e">former owner.</subfield></datafield><datafield tag="700" ind1="1" ind2=" "><subfield code="6">880-05</subfield><subfield code="a">Rāghib, Muḥammad,</subfield><subfield code="d">1698 or 1699-1762 or 1763.</subfield><subfield code="e">compiler.</subfield></datafield><datafield tag="773" ind1="0" ind2=" "><subfield code="a">Abdul Hamid Collection.</subfield></datafield><datafield tag="880" ind1="1" ind2=" "><subfield code="6">700-05/</subfield><subfield code="a">راغب محمد باشا.</subfield><subfield code="e">مصنف.</subfield></datafield><datafield tag="880" ind1="0" ind2="0"><subfield code="6">245-03/</subfield><subfield code="a">[مجموعه اشعار,</subfield><subfield code="f">اواخر القرن 18م؟].</subfield></datafield><datafield tag="CID" ind1=" " ind2=" "><subfield code="a">006822793</subfield></datafield><datafield tag="DAT" ind1="0" ind2=" "><subfield code="a">20190719102640.0</subfield><subfield code="b">20190719000000.0</subfield></datafield><datafield tag="DAT" ind1="1" ind2=" "><subfield code="a">20190719090653.0</subfield><subfield code="b">2019-07-19T16:12:13Z</subfield></datafield><datafield tag="DAT" ind1="2" ind2=" "><subfield code="a">2015-10-02T18:00:03Z</subfield></datafield><datafield tag="CAT" ind1=" " ind2=" "><subfield code="a">SDR-MIU</subfield><subfield code="d">EX LIBRIS - ALEPH</subfield><subfield code="l">prepare.pl-004-008</subfield></datafield><datafield tag="FMT" ind1=" " ind2=" "><subfield code="a">BK</subfield></datafield><datafield tag="HOL" ind1=" " ind2=" "><subfield code="0">sdr-miu006822793</subfield><subfield code="a">MiU</subfield><subfield code="b">SDR</subfield><subfield code="c">MIU</subfield><subfield code="p">mdp.39015079130913</subfield><subfield code="s">MIU</subfield><subfield code="1">006822793</subfield></datafield><datafield tag="974" ind1=" " ind2=" "><subfield code="b">MIU</subfield><subfield code="c">MIU</subfield><subfield code="d">20190719</subfield><subfield code="s">lit-dlps-dc</subfield><subfield code="u">mdp.39015079130913</subfield><subfield code="y">1799</subfield><subfield code="r">pd</subfield><subfield code="q">exp</subfield></datafield></record></collection>